<?xml version="1.0" encoding="UTF-8"?>
  <record xmlns="http://www.loc.gov/MARC21/slim" type="Authority">
    <leader>00000nz  a2200000oc 4500</leader>
    <controlfield tag="001">1217737103</controlfield>
    <controlfield tag="003">DE-101</controlfield>
    <controlfield tag="005">20200916132111.0</controlfield>
    <controlfield tag="008">200916n||aznnnaabn           | aaa    |c</controlfield>
    <datafield tag="024" ind1="7" ind2=" ">
      <subfield code="a">1217737103</subfield>
      <subfield code="0">http://d-nb.info/gnd/1217737103</subfield>
      <subfield code="2">gnd</subfield>
    </datafield>
    <datafield tag="035" ind1=" " ind2=" ">
      <subfield code="a">(DE-101)1217737103</subfield>
    </datafield>
    <datafield tag="035" ind1=" " ind2=" ">
      <subfield code="a">(DE-588)1217737103</subfield>
    </datafield>
    <datafield tag="040" ind1=" " ind2=" ">
      <subfield code="a">DE-17</subfield>
      <subfield code="c">DE-17</subfield>
      <subfield code="9">r:DE-17</subfield>
      <subfield code="b">ger</subfield>
      <subfield code="d">0017</subfield>
      <subfield code="e">rda</subfield>
    </datafield>
    <datafield tag="042" ind1=" " ind2=" ">
      <subfield code="a">gnd3</subfield>
    </datafield>
    <datafield tag="043" ind1=" " ind2=" ">
      <subfield code="c">XA-DE</subfield>
    </datafield>
    <datafield tag="075" ind1=" " ind2=" ">
      <subfield code="b">p</subfield>
      <subfield code="2">gndgen</subfield>
    </datafield>
    <datafield tag="075" ind1=" " ind2=" ">
      <subfield code="b">piz</subfield>
      <subfield code="2">gndspec</subfield>
    </datafield>
    <datafield tag="079" ind1=" " ind2=" ">
      <subfield code="a">g</subfield>
      <subfield code="q">f</subfield>
    </datafield>
    <datafield tag="100" ind1="1" ind2=" ">
      <subfield code="a">Porß, Anna Elisabeth</subfield>
      <subfield code="d">1608-1641</subfield>
    </datafield>
    <datafield tag="400" ind1="1" ind2=" ">
      <subfield code="a">Porss, Anna Elisabetha</subfield>
      <subfield code="d">1608-1641</subfield>
    </datafield>
    <datafield tag="400" ind1="1" ind2=" ">
      <subfield code="a">Molzan, Anna Elisabetha &#152;von&#156;</subfield>
      <subfield code="d">1608-1641</subfield>
    </datafield>
    <datafield tag="500" ind1="1" ind2=" ">
      <subfield code="0">(DE-101)116268883</subfield>
      <subfield code="0">(DE-588)116268883</subfield>
      <subfield code="0">https://d-nb.info/gnd/116268883</subfield>
      <subfield code="a">Porss, Dominikus</subfield>
      <subfield code="d">1588-1642</subfield>
      <subfield code="4">bezf</subfield>
      <subfield code="4">https://d-nb.info/standards/elementset/gnd#familialRelationship</subfield>
      <subfield code="w">r</subfield>
      <subfield code="i">Beziehung familiaer</subfield>
      <subfield code="e">Beziehung familiaer</subfield>
      <subfield code="9">v:Ehemann</subfield>
    </datafield>
    <datafield tag="548" ind1=" " ind2=" ">
      <subfield code="a">02.11.1608-01.07.1641</subfield>
      <subfield code="4">datx</subfield>
      <subfield code="4">https://d-nb.info/standards/elementset/gnd#dateOfBirthAndDeath</subfield>
      <subfield code="w">r</subfield>
      <subfield code="i">Exakte Lebensdaten</subfield>
    </datafield>
    <datafield tag="548" ind1=" " ind2=" ">
      <subfield code="a">1608-1641</subfield>
      <subfield code="4">datl</subfield>
      <subfield code="4">https://d-nb.info/standards/elementset/gnd#dateOfBirthAndDeath</subfield>
      <subfield code="w">r</subfield>
      <subfield code="i">Lebensdaten</subfield>
    </datafield>
    <datafield tag="551" ind1=" " ind2=" ">
      <subfield code="0">(DE-101)040222640</subfield>
      <subfield code="0">(DE-588)4022264-0</subfield>
      <subfield code="0">https://d-nb.info/gnd/4022264-0</subfield>
      <subfield code="a">Fürstentum Grubenhagen</subfield>
      <subfield code="4">ortg</subfield>
      <subfield code="4">https://d-nb.info/standards/elementset/gnd#placeOfBirth</subfield>
      <subfield code="w">r</subfield>
      <subfield code="i">Geburtsort</subfield>
    </datafield>
    <datafield tag="551" ind1=" " ind2=" ">
      <subfield code="0">(DE-101)040537072</subfield>
      <subfield code="0">(DE-588)4053707-9</subfield>
      <subfield code="0">https://d-nb.info/gnd/4053707-9</subfield>
      <subfield code="a">Bad Schwalbach</subfield>
      <subfield code="4">orts</subfield>
      <subfield code="4">https://d-nb.info/standards/elementset/gnd#placeOfDeath</subfield>
      <subfield code="w">r</subfield>
      <subfield code="i">Sterbeort</subfield>
    </datafield>
    <datafield tag="672" ind1=" " ind2="0">
      <subfield code="a">Christliche LeichPredigt : Vber das schöne Glaubens Bekäntnuß deß frommen vnd gedultigen Hiobs ... ; Bey Volckreicher vnd ansehenlicher LeichBegängnuß der Weiland HochWolEdlen, Ehrn- vnd Viel-Tugendreichen Frawen, Annae-Elisabethae, Gebornen ... von Moltzan, vff Grvbenhagen, Deß WolEdlen, Gestrengen vnd Vesten, Dominici Porß, Fürstlichen Hessen-Darmbstatischen Raths ... hertzlieben Ehefrawen ... / Gehalten durch M. Ioannem Renckerum, Pfarrern vnd Superintendenten zu St. Goar</subfield>
      <subfield code="f">1641</subfield>
    </datafield>
    <datafield tag="678" ind1=" " ind2=" ">
      <subfield code="b">Tochter von Wigand II. von Moltzan (1571-1619) und Barbara geb. von Negendanck, ab 1627 im Dienst von Sophia Christina Landgräfin zu Hessen, heiratet 1639 Dominikus Porß.</subfield>
    </datafield>
  </record>
